@article{clauser2024automated,
  title={Automated Scoring of Short-Answer Questions: A Progress Report},
  author={Clauser, Brian E and Yaneva, Victoria and Baldwin, Peter and An Ha, Le and Mee, Janet},
  journal={Applied Measurement in Education},
  volume={37},
  number={3},
  pages={209--224},
  year={2024},
  publisher={Taylor \& Francis}
}

@article{suzen2020automatic,
  title={Automatic short answer grading and feedback using text mining methods},
  author={S{\"u}zen, Neslihan and Gorban, Alexander N and Levesley, Jeremy and Mirkes, Evgeny M},
  journal={Procedia computer science},
  volume={169},
  pages={726--743},
  year={2020},
  publisher={Elsevier}
}

@article{ahmed2022deep,
  title={On Deep Learning Approaches to Automated Assessment: Strategies for Short Answer Grading.},
  author={Ahmed, Abbirah and Joorabchi, Arash and Hayes, Martin J},
  journal={CSEDU (2)},
  pages={85--94},
  year={2022}
}

@article{leacock2003c,
  title={C-rater: Automated scoring of short-answer questions},
  author={Leacock, Claudia and Chodorow, Martin},
  journal={Computers and the Humanities},
  volume={37},
  pages={389--405},
  year={2003},
  publisher={Springer}
}

@inproceedings{pulman2005automatic,
  title={Automatic short answer marking},
  author={Pulman, Stephen and Sukkarieh, Jana},
  booktitle={Proceedings of the second workshop on Building Educational Applications Using NLP},
  pages={9--16},
  year={2005}
}

@book{fleiss2013statistical,
  title={Statistical methods for rates and proportions},
  author={Fleiss, Joseph L and Levin, Bruce and Paik, Myunghee Cho},
  year={2013},
  publisher={john wiley \& sons}
}

@inproceedings{horbach2014finding,
  title={Finding a Tradeoff between Accuracy and Rater's Workload in Grading Clustered Short Answers.},
  author={Horbach, Andrea and Palmer, Alexis and Wolska, Magdalena},
  booktitle={LREC},
  pages={588--595},
  year={2014}
}

@article{basu2013powergrading,
  title={Powergrading: a clustering approach to amplify human effort for short answer grading},
  author={Basu, Sumit and Jacobs, Chuck and Vanderwende, Lucy},
  journal={Transactions of the Association for Computational Linguistics},
  volume={1},
  pages={391--402},
  year={2013},
  publisher={MIT Press One Rogers Street, Cambridge, MA 02142-1209, USA journals-info~â€¦}
}

@inproceedings{mitchell2003computerised,
title={Computerised marking of short-answer free-text responses},
author={Mitchell, Tom and Aldridge, Nicola and Broomhead, Peter},
booktitle={Manchester IAEA conference},
year={2003}
}

@article{page1966imminence,
title={The imminence of... grading essays by computer},
author={Page, Ellis B},
journal={The Phi Delta Kappan},
volume={47},
number={5},
pages={238--243},
year={1966},
publisher={JSTOR}
}

@article{martinez1992review,
title={A review of automatically scorable constructed-response item types for large-scale assessment},
author={Martinez, Michael E and Bennett, Randy Elliot},
journal={ETS Research Report Series},
volume={1992},
number={2},
pages={i--34},
year={1992},
publisher={Wiley Online Library}
}

@inproceedings{mohler2009text,
  title={Text-to-text semantic similarity for automatic short answer grading},
  author={Mohler, Michael and Mihalcea, Rada},
  booktitle={Proceedings of the 12th Conference of the European Chapter of the ACL (EACL 2009)},
  pages={567--575},
  year={2009}
}

@article{kaya2024hybrid,
    title={A Hybrid Approach for Automated Short Answer Grading},
    author={Kaya, Mustafa and Cicekli, Ilyas},
    journal={IEEE Access},
    year={2024},
    publisher={IEEE}
}

@misc{reimers2019sentencebertsentenceembeddingsusing,
      title={Sentence-BERT: Sentence Embeddings using Siamese BERT-Networks}, 
      author={Nils Reimers and Iryna Gurevych},
      year={2019},
      eprint={1908.10084},
      archivePrefix={arXiv},
      primaryClass={cs.CL},
      url={https://arxiv.org/abs/1908.10084}, 
}

@article{burrows2015eras,
  title={The eras and trends of automatic short answer grading},
  author={Burrows, Steven and Gurevych, Iryna and Stein, Benno},
  journal={International journal of artificial intelligence in education},
  volume={25},
  pages={60--117},
  year={2015},
  publisher={Springer}
}

@misc{wei2023chainofthoughtpromptingelicitsreasoning,
      title={Chain-of-Thought Prompting Elicits Reasoning in Large Language Models}, 
      author={Jason Wei and Xuezhi Wang and Dale Schuurmans and Maarten Bosma and Brian Ichter and Fei Xia and Ed Chi and Quoc Le and Denny Zhou},
      year={2023},
      eprint={2201.11903},
      archivePrefix={arXiv},
      primaryClass={cs.CL},
      url={https://arxiv.org/abs/2201.11903}, 
}

@article{kohonen1990self,
  title={The self-organizing map},
  author={Kohonen, Teuvo},
  journal={Proceedings of the IEEE},
  volume={78},
  number={9},
  pages={1464--1480},
  year={1990},
  publisher={IEEE}
}

@article{perez2005effects,
  title={About the effects of combining latent semantic analysis with natural language processing techniques for free-text assessment},
  author={P{\'e}rez, Diana and Alfonseca, Enrique and Rodr{\'\i}guez, Pilar and Gliozzo, Alfio and Strapparava, Carlo and Magnini, Bernardo},
  journal={Revista signos},
  volume={38},
  number={59},
  pages={325--343},
  year={2005},
  publisher={Pontificia Universidad Cat{\'o}lica de Valpara{\'\i}so}
}

@inproceedings{gliozzo2004unsupervised,
  title={Unsupervised domain relevance estimation for word sense disambiguation},
  author={Gliozzo, Alfio and Magnini, Bernardo and Strapparava, Carlo},
  booktitle={Proceedings of the 2004 Conference on Empirical Methods in Natural Language Processing},
  pages={380--387},
  year={2004}
}

@article{sykes1993introduction,
  title={An introduction to regression analysis},
  author={Sykes, Alan O},
  year={1993}
}

@techreport{hak2009pattern,
  title={Pattern matching},
  author={Hak, Tony and Dul, Jan},
  year={2009}
}

@misc{jurafskyspeech,
  title={Speech and Language Processing: An Introduction to Natural Language Processing, Computational Linguistics, and Speech Recognition},
  author={Jurafsky, Daniel and Martin, James H}
}